% This file was created with JabRef 2.10.
% Encoding: UTF-8


@MastersThesis{feliciano2012controle,
  Title                    = {Controle fuzzy espacialmente diferenciado para um sistema de irriga{\c{c}}{\~a}o},
  Author                   = {Feliciano, Rafaelle de Aguiar Correia},
  School                   = {Universidade Federal do Rio Grande do Norte},
  Year                     = {2012}
}

